@online{ira2016,
  author = {The United States House Permanent Select Committee on Intelligence},
  title = {Exposing Russiaâ€™s Effort to Sow Discord Online: The Internet Research Agency and Advertisements},
  year = 2018,
  url = {https://intelligence.house.gov/social-media-content/},
  urldate = {2019-08-27}
}

@online{ira2016data,
  author = {The United States House Permanent Select Committee on Intelligence},
  title = {Social Media Advertisements},
  year = 2018,
  url = {https://intelligence.house.gov/social-media-content/social-media-advertisements.htm},
  urldate = {2019-08-27}
}

@online{ira2016csvdata,
  author = {David Oniani and Richard Merritt},
  title = {CSV data scraped from the PDF files of IRA Facebook posts},
  year = 2019,
  url = {https://github.com/oniani/ira-analysis/tree/master/data/csv},
  urldate = {2019-08-27}
}

@online{pdftotext,
  author = {Jason Alan Palmer},
  title = {pdftotext},
  year = 2018,
  url = {https://pypi.org/project/pdftotext/},
  urldate = {2019-08-27}
}

@online{musicfb-info,
  author = {Issie Lapowsky},
  title = {Russia-Linked Facebook Ads Targeted a Sketchy Chrome Extension at Teen Girls},
  year = 2018,
  url = {https://www.wired.com/story/russia-facebook-ads-sketchy-chrome-extension/},
  urldate = {2019-10-20}
}

@online{nbcnews-dudeers,
  author = {Brandy Zadrozny, Ben Popken, Ben Collins and Andrew W. Lehren},
  title = {Fans of Sean Hannity, Black Lives Matter among targets of Russian influence campaign},
  year = 2018,
  url = {https://www.nbcnews.com/tech/tech-news/sean-hannity-black-lives-matter-among-targets-russian-influence-campaign-n872926},
  urldate = {2019-10-22}
}

@article{koppel11,
  author = {Koppel, Moshe and Schler, Jonathan and Argamon, Shlomo},
  year = {2011},
  month = {03},
  pages = {83-94},
  title = {Authorship attribution in the wild},
  volume = {45},
  journal = {Language Resources and Evaluation},
  doi = {10.1007/s10579-009-9111-2}
}
